<?xml version="1.0" encoding="UTF-8"?><record xmlns="http://www.loc.gov/MARC21/slim" xmlns:cinclude="http://apache.org/cocoon/include/1.0" xmlns:zs="http://www.loc.gov/zing/srw/">
  <leader>01515cz  a2200241n  4500</leader>
  <controlfield tag="001">n  95064011 </controlfield>
  <controlfield tag="003">DLC</controlfield>
  <controlfield tag="005">20160301060620.0</controlfield>
  <controlfield tag="008">950628n| azannaabn          |a aaa      </controlfield>
  <datafield tag="010" ind1=" " ind2=" ">
    <subfield code="a">n  95064011 </subfield>
  </datafield>
  <datafield tag="035" ind1=" " ind2=" ">
    <subfield code="a">(OCoLC)oca03866519</subfield>
  </datafield>
  <datafield tag="035" ind1=" " ind2=" ">
    <subfield code="a">(CaEvSKY)skya4174210</subfield>
  </datafield>
  <datafield tag="040" ind1=" " ind2=" ">
    <subfield code="a">DLC</subfield>
    <subfield code="b">eng</subfield>
    <subfield code="e">rda</subfield>
    <subfield code="c">DLC</subfield>
    <subfield code="d">OCoLC</subfield>
    <subfield code="d">DLC</subfield>
    <subfield code="d">MX-MrUMS</subfield>
  </datafield>
  <datafield tag="100" ind1="1" ind2=" ">
    <subfield code="a">Vargas Uribe, Guillermo</subfield>
  </datafield>
  <datafield tag="372" ind1=" " ind2=" ">
    <subfield code="a">Geography</subfield>
    <subfield code="a">Economy</subfield>
    <subfield code="2">lcsh</subfield>
  </datafield>
  <datafield tag="373" ind1=" " ind2=" ">
    <subfield code="a">Universidad Michoacana. Facultad de Economía</subfield>
    <subfield code="a">Universidad Nacional Autónoma de México. Colegio de Geografía</subfield>
    <subfield code="a">Universitat Autònoma de Barcelona</subfield>
    <subfield code="2">naf</subfield>
  </datafield>
  <datafield tag="374" ind1=" " ind2=" ">
    <subfield code="a">College teachers</subfield>
    <subfield code="a">Orators</subfield>
    <subfield code="a">Authors</subfield>
    <subfield code="2">lcsh</subfield>
  </datafield>
  <datafield tag="375" ind1=" " ind2=" ">
    <subfield code="a">male</subfield>
  </datafield>
  <datafield tag="377" ind1=" " ind2=" ">
    <subfield code="a">spa</subfield>
  </datafield>
  <datafield tag="400" ind1="1" ind2=" ">
    <subfield code="a">Uribe, Guillermo Vargas</subfield>
  </datafield>
  <datafield tag="670" ind1=" " ind2=" ">
    <subfield code="a">México en los noventa, 1994:</subfield>
    <subfield code="b">cover (Guillermo Vargas Uribe) p. opp. t.p. (under Univ. Michoacana de San Nicolás de Hidalgo, Maestro Guillermo Vargas Uribe, dir. de la Escuela de Economía)</subfield>
  </datafield>
  <datafield tag="670" ind1=" " ind2=" ">
    <subfield code="a">Urbanización y configuración territorial Valladolid-Morelia, 2008:</subfield>
    <subfield code="b">t.p. (Guillermo Vargas Uribe) back flap (b. 1955, Uruapan, Mich[oacán])</subfield>
  </datafield>
  <datafield tag="670" ind1=" " ind2=" ">
    <subfield code="a">Modelos y estrategias para el desarrollo, 2007:</subfield>
    <subfield code="b">title page (Guillermo Vargas Uribe) page 3 of cover (Profesor e investigador en la Facultad de Economía de la UMSNH. Licenciado en Geografía por la Facultad de Filosofia y Letras, UNAM. Estudios Doctorales en Historia Económica por la Universidad Autónoma de Barcelona. Ha impartido conferencias, 45 cursos, talleres y seminarios locales, nacionales e internacionales)</subfield>
  </datafield>
</record>